@Book{Bourbaki:a74,
  author =	 {Nicolas Bourbaki},
  title = 	 {Algebra I},
  publisher = 	 {Springer Verlag},
  year = 	 1974,
  series =	 {Elements of Mahtematics}
}

@Misc{Kohlhase:omfmd01,
  author = 	 {Michael Kohlhase},
  title = {{\omdoc}: An Open Markup Format for Mathematical Documents (Version 1.1)},
  TYPE = {Open Specification},        
  note = 	 {{\url{http://www.mathweb.org/omdoc/omdoc.ps}}},
  year =	 2001
}

@TechReport{ClaDeR:xpath99,
  key = {Clark},
  editor = 	 {James Clark and Steve DeRose},
  title = 	 {XML Path Language (XPath) Version 1.0},
  institution =  {The World Wide Web Consortium},
  year = 	 1999,
  type =	 {W3C Recommendation},
  note =	 {available at {\url{http://www.w3.org/TR/xpath}}}
}

@book{Constable86,
author	=	"Robert L. Constable and S. Allen and H. Bromly and W. Cleaveland and J. Cremer and R. Harper
		  and D. Howe and T. Knoblock and N. Mendler and P. Panangaden and J. Sasaki and S. Smith" ,
title	=	"Implementing Mathematics with the Nuprl Proof Development System",
publisher=	"Prentice-Hall",
address	=	"Englewood Cliffs, New Jersey",
year	=	"1986"
}
@techreport	{Gordon85,
author	=	"Mike Gordon" ,
title	=	"{HOL:} A Machine Oriented Formulation of Higher-order Logic" ,
institution=	"University of Cambridge, Computer Laboratory" ,
number	=	68 ,
month	=	"July" ,
year	=	1985 ,
keywords=	"hol,atp,hol,lang,lcf,conal" 
}
@InProceedings{Rudnicki:aomp92,
  author = 	 {Piotr Rudnicki},
  title = 	 {An Overview of the MIZAR Project},
  booktitle = 	 {Proceedingsof the 1992 Workshop on Types and Proofs as Programs},
  year =	 1992,
  pages =	 {311--332}
}

@Misc{MurLau:xmt01,
  author =	 {M. Murata and  St. Laurent, S. and D. Kohn},
  title =	 {XML Media Types},
  howpublished = {RFC 3023},
  month =	 {January},
  year =	 2001,
  note =	 {\url{ftp://ftp.isi.edu/in-notes/rfc3023.txt}}
}

@techreport{Paulson90,
author	=	"Lawrence C. Paulson and Tobias Nipkow" ,
title	=	"Isabelle Tutorial and User's Manual" ,
institution=	"Computer Laboratory, University of Cambridge" ,
number	=	"189" ,
month	=	"January" ,
year	=	"1990" ,
}

@Book{GoMe93,
  author = 	 "M. J. C. Gordon and T. F. Melham",
  title = 	 "Introduction to {HOL} -- A theorem proving environment for higher order logic",
  publisher = 	 "Cambridge University Press",
  year = 	 1993
}
@incollection{Pfenning91,
author	=	"Frank Pfenning",
title	=	"Logic Programming in the {LF} Logical Framework" ,
booktitle=	"Logical Frameworks" ,
editor	=	"G\'{e}rard P. Huet and Gordon D. Plotkin" ,
publisher=	"Cambridge University Press" ,
year	=	"1991"
}
@Misc{BernersLee:tsw98,
  author =	 {Tim Berner's Lee},
  title =	 {The Semantic Web},
  howpublished = {W3C Architecture Note},
  year =	 1998,
  note =	 {http://www.w3.org/DesignIssues/Semantic.html}
}
@ARTICLE{Zermelo08,
   AUTHOR    = {Ernst Zermelo},
   TITLE     = {{U}ntersuchungen {\"u}ber {d}ie {G}rundlagen {d}er
{M}engenlehre. {I}.},
   JOURNAL   = {Mathematische Annalen},
   YEAR      = {1908},
   VOLUME    = { 65},
   PAGES     = {261--281}}
@ARTICLE{Fraenkel22,
   AUTHOR    = {Adolf Abraham Fraenkel},
   TITLE     = {{Z}u {d}en {G}rundlagen {d}er {C}antor-{Z}er\-me\-lo\-schen {M}en\-gen\-leh\-re},
   JOURNAL   = {Mathematische Annalen},
   YEAR      = 1922,

   VOLUME    = { 86},
   PAGES     = {230--237}}


@TechReport{Marsh:xmlb01,
  key =          {marsch2001},
  editor = 	 {Jonathan Marsh},
  title = 	 {XML Base},
  institution =  {The World Wide Web Consortium},
  year = 	 2001,
  type =	 {W3C Recommendation},
  note =	 {available at {\url{http://www.w3.org/TR/xmlbase/}}}
}

@InProceedings{Hutter:mocsv00,
  author = 	 {Dieter Hutter},
  title = 	 {Management of change in structured verification},
  booktitle =	 {Proceedings Automated Software Engineering (ASE-2000)},
  year =	 2000,
  publisher =	 {IEEE Press}
}

@TechReport{SmyShe:iqti01,
  author = 	 {Colin Smythe and Eric Shepherd and Lane Brewer and Steve Lay},
  title = 	 {IMS Question \& Test Interoperability: An Overview},
  institution =  {IMS Global Learning Consortium, Inc.},
  year = 	 2001,
  type =	 {Public Draft},
  number =	 {Version 1.2},
  note =	 {available at {\url{http://www.imsglobal.org/question/qtiv1p2pd/imsqti_oviewv1p2.html}}}
}

@InProceedings{MosAutHut:edgwh01,
  author = 	 {Till Mossakowski and Serge Autexier and Dieter Hutter},
  title = 	 {Extending Development Graphs With Hiding},
  booktitle =	 {Proceedings of Fundamental Approaches to Software Engineering (FASE 2001)},
  year =	 2001,
  editor =	 {H. Hu{\ss}mann}
}

@Unpublished{Duchier:tntb98,
  author = 	 {Denys Duchier},
  title = 	 {The {\sc NeGra} tree bank},
  note = 	 {Private communication}, 
  year =	 1998
}

@InCollection{Smolka:Oz:95, 
   author = "{G}.~{S}molka", 
   title = "The {Oz} Programming Model", 
   booktitle = "{C}omputer {S}cience {T}oday", 
   editor = "{J}an van {L}eeuwen", 
   address = "Berlin", 
   year = 1995, 
   series = {LNCS},
   volume ={1000}, 
   publisher = "Springer-Verlag",
   pages = {324--343} }

@InProceedings{FraKoh:sdmaomkb00,
  author = 	 {Andreas Franke and Michael Kohlhase},
  title = 	 {System Description: {\sc MBase}, an Open Mathematical Knowledge Base},
  crossref =     {CADE00},
  pages = {455--459}
}


@Book{Reid:plpd87,
  author =	 {Glenn C. Reid},
  title = 	 {PostScript, Language, Program Design},
  publisher = 	 {Addison Wesley},
  year = 	 1987
}

@article{FraHes:aoidms99,
  author = 	 {Andreas Franke and  Stephan M. Hess and  Christoph G. Jung and 
  Michael Kohlhase and  Volker Sorge},
  title = 	 {Agent-Oriented Integration of Distributed Mathematical Services},
  journal = 	 {Journal of Universal Computer Science},
  volume =       5,
  nuber =        3,
  pages =        {156--187},
  year =	 1999
}

@TechReport{Hutter:rat99,
  author = 	 {Dieter Hutter},
  title = 	 {Reasoning about Theories},
  institution =  {Deutsches Forschungszentrum f{\"u}r K{\"u}nstliche Intelligenz (DFKI)},
  year = 	 1999
}

@InProceedings{Fiedler:tape97,
  author = 	 {Armin Fiedler},
  title = 	 {Towards a Proof Explainer},
  crossref =  {PTP97},
  pages =        {53--54},
  year = 1997
}

@Book{Harold:xb01,
  author =	 {Eliotte Rusty Harold},
  title = 	 {{XML Bible}},
  publisher = 	 {Hungry Minds},
  year = 	 2001,
  edition =	 {Gold Edition}
}

@book{Goldfarb:sgml90,
  author = "C. F. Goldfarb",
  title = "The SGML Handbook",
  publisher = "Oxford University Press",
  year = "1990" 
}

@InProceedings{OwRu92,
  author = 	 "S. Owre and J. M. Rushby and N. Shankar",
  title = 	 "{PVS:} A Prototype Verification System",
  pages =	 "748--752",
  crossref =	 "CADE92",
  year =	 1992
}

@Article{BeBiSo:itao99,
AUTHOR        = {Christoph Benzm{\"u}ller and Matthew Bishop and Volker Sorge},
TITLE         = {{Integrating {\sc Tps} and {$\Omega$\sc mega}}},
YEAR          = 1999,
PAGES         = {},
JOURNAL       = {Journal of Universal Computer Science},
volume        = 5,
number        = 2
}

@InCollection{Barendregt:lcwt92,
  author = 	 {Henk P. Barendregt},
  title = 	 {Lambda Calculi with Types},
  booktitle = 	 {Handbook of Logic in Computer Science},
  crossref =	 {AbramskyEtAl:holics92},
  pages =	 {117--309},
  year =	 1992,
  volume =	 2
}

@article{KohFra:rkcimss00,
  author = 	 {Michael Kohlhase and Andreas Franke},
  title = 	 {MBase: Representing  Knowledge and Context for the Integration of
                  Mathematical Software Systems},
  year =         2000,
  journal =      {Journal of Symbolic Comutation; Special Issue on the Integration of Computer algebra and Deduction Systems},  
   note =        {\fc}
}

@Manual{CoqManual,
  title = 	 {The Coq Proof Assistant Reference Manual},
  key =		 {COQ},
  author =	 {Coq Development Team},
  organization = {INRIA},
  note =	 {see {\url{http://coq.inria.fr/doc/main.html}}}
}

@InProceedings{HuangFiedler:pvip97,
  author = 	 {Xiaorong Huang and Armin Fiedler},
  title = 	 {Proof Verbalization in {{\em PROVERB}}},
  crossref =  {PTP97},
  pages = 	 {35--36},
  year = 1997
}

@inproceedings(ArmZin:timrs00,
   author = "Armando, Alessandro and Zini, Daniele",
   title = "{Towards Interoperable Mechanized Reasoning Systems: the
   Logic Broker Architecture}",
   booktitle = "to appear on the Proceedings of the AI*IA-TABOO Joint
 Workshop `From Objects to Agents: Evolutionary Trends of Software Systems'",
   editor = "Poggi, A.",
   address =      "Parma, Italy",
   month = may # "~29--30,",
   year = 2000)

@TechReport{Bray:XML97,
  key =          {Bray},
  author = 	 {Tim Bray and Jean Paoli and C. M. Sperberg-McQueen},
  title = 	 {{E}xtensible {M}arkup {L}anguage ({XML})},
  institution =  {World Wide Web Consortium},
  year = 	 1997,
  type =	 {W3C Recommendation},
  number =	 {TR-XML},
  month =	 {December},
  note =	 {Available at {\tt http://www.w3.org/TR/PR-xml.html}}}

@techreport{CoFI98,
   author    = {CoFI, Language Design Task Group},
   title     = {CASL --- The {CoFI} Algebraic Specification Language --- Summary, 
version 1.0},
   institution = {{\tt http://www.brics.dk/Projects/CoFI}},
   year      = {1998}
}

@inproceedings{HuangFiedler:pmfp96,
  author =  {Xiaorong Huang and Armin Fiedler},
  title = {Presenting Machine-Found Proofs},
  pages ={221--225},
  abstract = {This paper outlines an implemented system named PROVERB that transforms and
  abstracts machine-found proofs to natural deduction style proofs at an
  adequate level of abstraction and then verbalizes them in natural language.
  The abstracted proofs, originally employed only as an intermediate representation, also  prove to be useful for proof planning and proving by analogy.},
  crossref = {CADE96}
}

@TechReport{Deach:exls99,
  key =          "XSL",
  author = 	 {Stephen Deach},
  title = 	 {Extensible Stylesheet Language (XSL) Specification},
  year = 	 1999,
  type =	 {W3C Working Draft},
  institution =  {W3C},
  note =	 {Available at {\url{http://www.w3.org/TR/WD-xsl}}}}

@InProceedings{DenCol:tpt00,
  author = 	 {Louise A. Dennis and  Graham Collins and  Michael Norrish and  Richard Boulton and  Konrad Slind and Graham Robinson and Mike Gordon and Tom Melham},
  title = 	 {The PROSPER Toolkit},
  crossref =	 {TACAS00}
}

@TechReport{DeRDan:xpointer01,
  key =          "XPointer",
  author = 	 {Steve DeRose and Ron Daniel Jr. and Eve Maler},
  title = 	 {XML Pointer Language ({XPointer})},
  year = 	 2001,
  type =	 {W3C Candidate Recommendation},
  institution =  {W3C},
  note =	 {Available at {\url{http://www.w3.org/TR/xptr}}}}

@TechReport{BerFie:uri98,
  author = 	 {Tim Berners-Lee and R. Fielding and L. Masinter},
  title = 	 {Uniform Resource Identifiers (URI), Generic Syntax},
  institution =  {Internt Engineering Task Force},
  year = 	 {1998},
  type =	 {RFC},
  number =	 2717,
  note =	 {available at {\url{http://www.ietf.org/rfc/rfc2717.txt}}}
}

@InProceedings{BenzmuellerEtAl:otama97,
  author = 	 {C. Benzm{\"u}ller and L. Cheikhrouhou and D. Fehrer and A. Fiedler and
                  X. Huang and M. Kerber and M. Kohlhase and K. Konrad and E. Melis and A.
                  Meier and W. Schaarschmidt and J. Siekmann and V. Sorge},
  title = 	 {{$\Omega$\sc mega}: Towards a mathematical assistant},
  pages =   "252--255",
  crossref =  {CADE97},
  year = 	 1997
}

@TechReport{OpenEBook:oeps99,
  key =          "OpeneBook",
  author = 	 {The {Open eBook} Group},
  title = 	 {Open eBook[tm] Publication Structure 1.0},
  institution =  {The {OpenEBook} Initiative},
  year = 	 1999,
  type =	 {Draft Recommendation},
  note =	 {Available at {\url{http://www.openEbook.org}}}}

@article{DuCharme:fddsj97,
  author = "DuCharme, Bob",
  title =  "Formatting Documents with DSSSL Specifications and Jade",
  journal = "The SGML Newsletter",
  volume = "10", 
  number = "5",
  year = "1997",
  pages = "6--10"}

@InProceedings{BouSli:aibcah98,
   author = "R. Boulton and K. Slind and A. Bundy and M. Gordon",
   title = "An Interface between {CLAM} and {HOL}",
   crossref="TPHOL98",
   pages = "87--104"}

@Unpublished{Kohlhase:corfl00,
  author = 	 {Michael Kohlhase},
  title = 	 {Creating {\sc OMDoc} representations from {\LaTeX}},
  note = 	 {Internet Draft available at {\url{http://www.mathweb.org/omdoc}}},
  year =	 2000
}

@InProceedings{RicSmaGre:ppihol98,
  author = 	 {Julian D.C. Richardson and Alan Smaill and Ian M. Green},
  title = 	 {System description: {P}roof planning in higher-order logic with $\lambda${\sl Clam}},
  crossref =	 {CADE98}
}

@Unpublished{CapCoh:doms98,
  key= {Caprotti},
  author = 	 {Olga Caprotti and Arjeh M. Cohen},
  title = 	 {Draft of the {Open Math} Standard},
  note = 	 {{The Open Math Society},~\url{http://www.nag.co.uk/projects/OpenMath/omstd/}},
  year =	 1998
}

@ARTICLE{Gentzen:uudlsiii35,
  AUTHOR    = {Gerhard Gentzen},
  TITLE     = {Untersuchungen {\"u}ber das logische {S}chlie{\ss}en {I} \& {II}},
  JOURNAL   = {Mathematische Zeit\-schrift},
  YEAR      = {1935},
  VOLUME    = {39},
  PAGES     = {176--210, 572--595}}

@Book{Knuth:ttb84,
  author =	 {Donald E. Knuth},
  title = 	 {The {\TeX}book},
  publisher = 	 {Addison Wesley},
  year = 	 1984
}

@article{AnBi:tatps96,
   author = {Peter B. Andrews and  Matthew Bishop and Sunil Issar and Dan Nesmith and
                  Frank Pfenning and Hongwei Xi},
   journal = {Journal of Automated Reasoning},
   pages = {321--353},
   title = {{TPS: A} Theorem-Proving System for Classical Type Theory},
   volume = 16,
   year = 1996
}

@TechReport{Kohlhase:otormd00,
  author = 	 {Michael Kohlhase},
  title = {{\sc OMDoc}: An Open Markup Format for Mathematical Documents},
  INSTITUTION = {Fachbereich Informatik, Universit{\"a}t des Saarlandes}, 
  TYPE = {Seki Report},        
  NUMBER = {SR-00-02},
  note = 	 {{\url{http://www.mathweb.org/omdoc}}},
  year =	 2000
}

@INPROCEEDINGS{HuSe:itng96,
  AUTHOR        = "Hutter, Dieter and Sengler, Claus",
  CROSSREF      = "CADE96",
  TITLE         = "{INKA - The Next Generation}",
  PAGES         = "288--292"
}

@TechReport{BosHak:css98,
  editor = 	 {Bert Bos and H\oakon Wium Lie and Chris Lilley and Ian Jacobs},
  key =          {Bos},
  title = 	 {Cascading Style Sheets, level 2; CSS2 Specification},
  institution =  {World Wide Web Consortium (W3C)},
  year = 	 1998,
  type =	 {W3C Recommendation},
  note =	 {available as {\url{http://www.w3.org/TR/1998/REC-CSS2-19980512}}}
}

@MastersThesis{Baur:susmt99,
  author = 	 {Judith Baur},
  title = 	 {{Syntax und Semantik mathematischer Texte --- ein Prototyp}},
  school = 	 {Saarland University},
  year = 	 {1999}}

@InProceedings{Fiedler:uacatp99,
  author = 	 {Armin Fiedler},
  title = 	 {Using a Cognitive Architecture to Plan Dialogs for the Adaptive Explanation of Proofs},
  crossref =  {IJCAI99},
  pages = 	 {358--363}
}

@TechReport{RagHor:html98,
  key =          {Raggett},
  author = 	 {Dave Raggett and Arnaud Le Hors and   Ian Jacobs},
  title = 	 {{HTML} 4.0 {S}pecification},
  institution =  {World Wide Web Consortium},
  year = 	 1998,
  type =	 {W3C Recommendation},
  number =	 {REC-html40},
  month =	 {April},
  note =	 {Available at \url{http://www.w3.org/TR/PR-xml.html}}
}

@Proceedings{PTP97,
  title = 	 {\PROC\ of the First International Workshop on Proof Transformation and Presentation},
  booktitle = 	 {\PROC\ of the First International Workshop on Proof Transformation and Presentation},
  year = 	 1997,
  editor =	 {J. Siekmann and F. Pfenning and X. Huang},
  address =	 {Schloss Dagstuhl\GERMANY}
}

@Article{FaGu93,
  author = 	 "William M. Farmer and Joshua D. Guttman and F. Javier Thayer",
  title = 	 "{IMPS}: An {I}nteractive {M}athematical {P}roof {S}ystem",
  journal =	 "Journal of Automated Reasoning",
  year =	 1993,
  volume =	 11,
  number =	 2,
  pages =	 "213--248",
  month =	 "October"
}

@InProceedings{Farmer93,
  author = 	 "William M. Farmer",
  title = 	 "Theory Interpretation in Simple Type Theory",
  year = 1993,
  crossref =	 "HOA93"
}

@INCOLLECTION{Bruijn80,
   AUTHOR    = {Nicolaas Govert de Bruijn},
   TITLE     = {A Survey of the Project {AUTOMATH}},
   crossref = {HiSe80},
   YEAR      = {1980},
   PAGES     = {579--606}}

@TechReport{CarIon:MathML01,
  key =          {Carlisle},
  author = 	 {David Carlisle and Patrick Ion and Robert Miner and Nico Poppelier},
  title = 	 {{M}athematical {M}arkup {L}anguage  ({MathML}) Version 2.0},
  institution =  {World Wide Web Consortium},
  year = 	 2001,
  type =	 {W3C Recommendation},
  note =	 {Available at {http://www.w3.org/TR/MathML2}}
}

@Book{Thompson91,
  author = 	 "Simon Thompson",
  title = 	 "Type Theory and Functional Programming",
  publisher = 	 "Addison-Wesley",
  year = 	 1991,
  series =	 "International Computer Science Series",
  annote =	 "ISBN 0-201-41667-0"
}

@InProceedings{SieBen:acgap00,
  author = 	 {J\"org Siekmann and Christoph Benzm\"uller and Lassaad Cheikhrouhou and
                  Armin Fiedler and Andreas Franke and Helmut Horacek and
                  Michael Kohlhase and Andreas Meier and Erica Melis and Martin Pollet and
                  Volker Sorge and Carsten Ullrich and J\"urgen Zimmer},
  title = 	 {Adaptive Course Generation and Presentation},
  booktitle = 	 {Proceedings of {ITS-2000} workshop on Adaptive and Intelligent Web-Based Education Systems},
  year =	 2000,
  editor =	 {P. Brusilovski},
  address =	 {Montreal}
}

@InProceedings{Fiedler:ddaoeo01,
  author = 	 {Armin Fiedler},
  title = 	 {Dialog-driven Adaptation of Explanations of Proofs},
  booktitle = 	 {\PROC\ of the 17th {I}nternational {J}oint {C}onference on {A}rtificial {I}ntelligence ({IJCAI})},
  crossref =	 {IJCAI01},
  pages =	 {1295--1300}
}

@article{Kohlhase:oaifocdi00,
  author = 	 {Michael Kohlhase},
  title = 	 {{\sc OMDoc}: An Infrastructure for {\sc OpenMath} Content Dictionary
  Information},
  journal = 	 {Bulletin of the ACM Special Interest Group on Symbolic and Automated Mathematics (SIGSAM)},
  volume =       {34},
  number =       {2},
  pages =        {43--48},
  year =	 2000}

@InProceedings{FraKoh:mabdl99,
  author = 	 {Andreas Franke and Michael Kohlhase},
  title = 	 {System Description: {\sc MathWeb}, an Agent-Based Communication Layer for Distributed Automated Theorem
  Proving},
  pages= {217--221},
  crossref = 	 {CADE99}
}

@Book{CohCuySterk:ida99,
  author =	 {Arjeh Cohen and Hans Cuypers and Hans Sterk},
  title = 	 {Algebra Interactive!},
  publisher = 	 {Springer Verlag},
  year = 	 1999,
  note =	 {Interactive Book on CD}
}

@InProceedings{FiedlerHoracek:aietlp01,
  author = 	 {Armin Fiedler and Helmut Horacek},
  title = 	 {Argumentation in Explanations to Logical Problems},
  booktitle = 	 {Computational Science --- ICCS 2001},
  crossref =	 {ICCS01},
  pages =	 {969--978}
}

@Book{Lamport:ladps94,
  author =	 {Leslie Lamport},
  title = 	 {{\LaTeX}: A Document Preparation System, 2/e},
  publisher = 	 {Addison Wesley},
  year = 	 1994
}

@proceedings{CADE99,
   key =      "CADE99",
   booktitle = {Automated Deduction --- {CADE}-16},
   title = {Automated Deduction --- {CADE}-16},
   publisher = {Springer Verlag},
   series = {\LNAI},
   editor = {Harald Ganzinger},
   number = {1632},
   year = {1999}
}

@proceedings{CADE98,
   key =      "CADE98",
   booktitle = {\PROC\ of the 15th {C}onference on {A}utomated {D}eduction},
   title = {\PROC\ of the 15th {C}onference on {A}utomated {D}eduction},
   publisher = {Springer Verlag},
   series = {\LNAI},
   editor = {Claude Kirchner and H{\'e}l{\`e}ne Kirchner},
   number = {1421},
   year = {1998}
}

@proceedings{CADE97,
   key =      "CADE97",
   booktitle = {\PROC\ of the 14th {C}onference on {A}utomated {D}eduction},
   title = {\PROC\ of the 14th {C}onference on {A}utomated {D}eduction},
   publisher = {Springer Verlag},
   series = {\LNAI},
   editor = {William McCune},
   number = {1249},
   year = {1997},
   address = {Townsville, \AUSTRALIA}
}

@Book{AbramskyEtAl:holics92,
  editor =	 {S. Abramsky and D. M. Gabbay and T. S. E. Maibaum},
  title = 	 {Handbook of Logic in Computer Science},
  publisher = 	 {Oxford University Press},
  year = 	 1992
}

@proceedings{CADE92,
   key =      "CADE92",
   address = {Saratoga Spings, NY, USA},
   booktitle = {\PROC\ of the 11th Conference on Automated Deduction},
   title = {\PROC\ of the 11th Conference on Automated Deduction},
   editor = {D. Kapur},
   pages = {66--78},
   publisher = {Springer Verlag},
   series = {\LNCS},
   volume = {607},
   year = {1992}
}

@PROCEEDINGS{TPHOL98,
KEY = {TPHOL98},
TITLE     = {Theorem Proving in Higher Order Logics: Emerging Trends},
BOOKTITLE     = {Theorem Proving in Higher Order Logics: Emerging Trends},
EDITOR        = {Jim Grundy and Malcolm Newey}, 
PUBLISHER     = {The Australian National University},
ADDRESS       = {Canberra, Australia},
MONTH         = {October},
YEAR          = 1998,
SERIES        = {Technical Report 98-08, Department of Computer Science and Computer Science Lab},
BIBTYPE       = {PROCEEDINGS},
}

@Proceedings{TACAS00,
  title = 	 {Proceedings of the Sixth International Conference on Tools and 
                  Algorithms for the Construction and Analysis of Systems TACAS-2000},
  booktitle = 	 {Proceedings of the Sixth International Conference on Tools and 
                  Algorithms for the Construction and Analysis of Systems, TACAS-2000},
  year = 	 2000,
  key =		 {TACAS00},
  series =	 {\LNCS},
  address =	 {Berlin, Germany},
  publisher =	 {Springer Verlag}
}

@book{HiSe80,
   editor = {R. Hindley and J. Seldin},
   publisher = {Academic Press},
   booktitle = {To H.B. Curry: Essays in Combinator Logic, Lambda Calculus and Formalisms},
   year = {1980},
}

@Proceedings{HOA93,
  key =          "HOA93",
  booktitle = 	 "HOA'93, an International Workshop on Higher-order Algebra, Logic and Term Rewriting",
  series =       "\LNCS",
  volume =       816,
  publisher =    "Springer Verlag",
  year = 	 1993,
  address =	 "Amsterdam, The Netherlands"
}

@Proceedings{IJCAI01,
  key =      "IJCAI01",
  booktitle = 	 "\PROC\ of the 17th {I}nternational {J}oint {C}onference on {A}rtificial {I}ntelligence ({IJCAI})",
  year = 	 2001,
  editor =	 "Bernhard Nebel",
  publisher =	 "Morgan Kaufmann",
  address =	 "Seattle, WA"
}

@proceedings{CADE00,
   booktitle = {{A}utomated {D}eduction -- CADE-17},
   key =      "CADE00",
   title = {{A}utomated {D}eduction -- CADE-17},
   publisher = {Springer Verlag},
   series = {\LNAI},
   number  = {1831},
   editor = {David McAllester},
   year = {2000}}

@Proceedings{ICCS01,
  title = 	 {Computational Science --- ICCS 2001},
  year = 	 2001,
  key =		 {ICCS01},
  editor =	 {Vassil N. Alexandrov and Jack J. Dongarra and Benjoe A. Juliano and Ren{\`e} S. Renner and C. J. Kenneth Tan},
  number =	 2074,
  series =	 {\LNCS},
  address =	 {San Francisco, CA},
  publisher =	 {Springer Verlag}
}

@Proceedings{IJCAI99,
  key =      "IJCAI99",
  booktitle = 	 "\PROC\ of the 16th {I}nternational {J}oint {C}onference on {A}rtificial {I}ntelligence ({IJCAI})",
  year = 	 1999,
  editor =	 "Thomas Dean",
  publisher =	 "Morgan Kaufmann",
  address =	 "Stockholm, \SWEDEN"
}

@Article{activemathAIEDJ01, 
  author = {E. Melis and J. Buedenbender E. Andres and Adrian
            Frischauf and G. Goguadze and P. Libbrecht and M. Pollet 
            and C. Ullrich}, 
  title = {The {\activemath} Learning Environment}, 
  journal = {Artificial Intelligence and Education}, 
  year = {2001}, 
  volume = {12}, 
  number = {4}, 
  month = {winter 2001} }

@proceedings{CADE96,
   key =      "CADE96",
   booktitle = {\PROC\ of the 13th Conference on Automated Deduction},
   title = {\PROC\ of the 13th Conference on Automated Deduction},
   publisher = {Springer Verlag},
   series = {\LNAI},
   editor = {M.A. McRobbie and J.K. Slaney},
   number = {1104},
   year = {1996},
   address = {New Brunswick, NJ, USA}
}
